@misc{data,
  title = {Speed Camera Violations},
  year = {2019},
  url = {https://data.cityofchicago.org/Transportation/Speed-Camera-Violations/hhkd-xvj4},
}

@misc{program,
  title = {Children's Safety Zone Program and Automated Speed Enforcement},
  year = {2019},
  url = {https://www.chicago.gov/city/en/depts/cdot/supp_info/children_s_safetyzoneporgramautomaticspeedenforcement.html},
}

@misc{tableau,
  title = {Version1},
  year = {2019},
  url = {https://public.tableau.com/shared/WP2XSD626?:display_count=yes},
}

@misc{dataexp,
  title = {Individual Project Vidya2},
  year = {2019},
  url = {https://public.tableau.com/views/IndividualProject_Vidya2/YearlyVsTotalViolations?:embed=y&:display_count=yes},
}

@misc{cameradetails,
  title = {Chicago Automated Speed Enforcement Camera Analysis},
  year = {2019},
  url = {https://www.chicago.gov/content/dam/city/depts/cdot/CSZ/ASE_CrashAnalysisWriteUp_10_10_18.pdf},
}




